@MISC{Bulebule:1,
      HOWPUBLISHED = "\url{https://bulebule.readthedocs.io/en/latest/building.html\#board}",
      TITLE        = "Micromouse board PCB",
      AUTHOR       = "Bulebule",
      YEAR         = "2017"
}
