@MISC{Bulebule:1,
   HOWPUBLISHED = "\url{https://bulebule.readthedocs.io/en/latest/building.html\#board}",
   TITLE        = "Micromouse board PCB",
   AUTHOR       = "Bulebule",
   YEAR         = "2017"
}

@MISC{Faulhaber:1,
   HOWPUBLISHED = "\url{https://www.faulhaber.com/fileadmin/Import/Media/EN_1524_SR_DFF.pdf}",
   TITLE        = "Faulhaber motors specification"
}

@MISC{Bluepill:1,
   HOWPUBLISHED = "\url{https://web.archive.org/web/20190524151648/https://wiki.stm32duino.com/index.php?title=Blue_Pill}",
   TITLE        = "STM32 'Blue pill' micro controller"
}

@book{maze_for_programmers,
    title   = "Mazes for programmers",
    author = "Jamis Buck",
    publisher = "The Pragmatic Programmers",
    year = "2015"
 }